<?xml version="1.0" encoding="UTF-8"?><collection xmlns="http://www.loc.gov/MARC21/slim"><record><leader>00373nam--2200133-i-4500</leader><controlfield tag="001">000031416</controlfield><controlfield tag="002">20161230</controlfield><controlfield tag="005">20161230201038</controlfield><controlfield tag="008">060222s1000------------r-----000-0-eng-d</controlfield><datafield ind1=" " ind2=" " tag="080"><subfield code="a">530.145</subfield></datafield><datafield ind1=" " ind2=" " tag="100"><subfield code="a">Macke, Wilhelm</subfield></datafield><datafield ind1=" " ind2=" " tag="245"><subfield code="a">Quanten.ein lehrbuch der theoretischen physik</subfield></datafield><datafield ind1=" " ind2=" " tag="260"><subfield code="a">Leipzig, Akademische Verlagsgesellschaft, 1959. Xii + 494p. + 127 Fig</subfield></datafield><datafield ind1=" " ind2=" " tag="852"><subfield code="a">7359</subfield></datafield></record></collection>